@Comment @article{wadler,
@Comment  author = {Wadler, Philip},
@Comment  title = {Propositions As Types},
@Comment  journal = {Commun. ACM},
@Comment  issue_date = {December 2015},
@Comment  volume = {58},
@Comment  number = {12},
@Comment  month = nov,
@Comment  year = {2015},
@Comment  issn = {0001-0782},
@Comment  numpages = {10},
@Comment  url = {http://doi.acm.org/10.1145/2699407},
@Comment  doi = {10.1145/2699407},
@Comment  acmid = {2699407},
@Comment  publisher = {ACM},
@Comment  address = {New York, NY, USA},
@Comment }

@Comment @book{edwin,
@Comment  author = {Brady, Edwin},
@Comment  title = {Type-Driven Development with Idris},
@Comment  month = mar,
@Comment  year = 2017,
@Comment  isbn = 9781617293023,
@Comment  numpages = 480,
@Comment  url = {https://www.manning.com/books/type-driven-development-with-idris},
@Comment  publisher = {Manning},
@Comment }

@Comment @book{pierce,
@Comment  author = {Benjamin C. Pierce and Arthur Azevedo de Amorim 
@Comment            and Chris Casinghino and Marco Gaboardi and
@Comment            Michael Greenberg and C\v{a}t\v{a}lin Hri\c{t}cu 
@Comment            and Vilhelm Sj\"{o}berg and Brent Yorgey},
@Comment  title = "Software Foundations",
@Comment  year = "2017",
@Comment  publisher = "Electronic textbook",                  
@Comment  note = {Version 4.2.  \url{http://www.cis.upenn.edu/~bcpierce/sf}},
@Comment  ebook = {http://www.cis.upenn.edu/~bcpierce/sf},
@Comment }

